<?xml version="1.0" encoding="UTF-8"?><record xmlns="http://www.loc.gov/MARC21/slim" xmlns:cinclude="http://apache.org/cocoon/include/1.0" xmlns:zs="http://www.loc.gov/zing/srw/">
  <leader>00589nz  a2200157n  4500</leader>
  <controlfield tag="001">no2008145959</controlfield>
  <controlfield tag="003">DLC</controlfield>
  <controlfield tag="005">20081008081730.0</controlfield>
  <controlfield tag="008">080925n| acannaabn          |b aaa     c</controlfield>
  <datafield tag="010" ind1=" " ind2=" ">
    <subfield code="a">no2008145959</subfield>
  </datafield>
  <datafield tag="035" ind1=" " ind2=" ">
    <subfield code="a">(OCoLC)oca07898923</subfield>
  </datafield>
  <datafield tag="040" ind1=" " ind2=" ">
    <subfield code="a">NjP</subfield>
    <subfield code="b">eng</subfield>
    <subfield code="c">NjP</subfield>
  </datafield>
  <datafield tag="100" ind1="1" ind2=" ">
    <subfield code="a">ʻAbd, Ḥusām Qaddūrī</subfield>
  </datafield>
  <datafield tag="400" ind1="1" ind2=" ">
    <subfield code="a">عبد، حسام قدوري</subfield>
  </datafield>
  <datafield tag="667" ind1=" " ind2=" ">
    <subfield code="a">Non-Latin script reference not evaluated.</subfield>
  </datafield>
  <datafield tag="670" ind1=" " ind2=" ">
    <subfield code="a">Taʼṣīl al-judhūr al-Sāmīyah wa-atharuhu fī bināʼ muʻjam ʻArabī ḥadīth, 2007:</subfield>
    <subfield code="b">t.p. (al-Duktūr Ḥusām Qaddūrī ʻAbd =د. حسام قدوري عبد )</subfield>
  </datafield>
</record>